@ARTICLE{arch_sim_considered_harmful,
  author={Nowatzki, Tony and Menon, Jaikrishnan and Ho, Chen-Han and Sankaralingam, Karthikeyan},
  journal={IEEE Micro},
  title={Architectural Simulators Considered Harmful},
  year={2015},
  volume={35},
  number={6},
  pages={4-12},
  doi={10.1109/MM.2015.74}
}
