@inproceedings{zest,
  author = {Padhye, Rohan and Lemieux, Caroline and Sen, Koushik and Papadakis, Mike and Le Traon, Yves},
  title = {Semantic Fuzzing with Zest},
  year = {2019},
  isbn = {9781450362245},
  publisher = {Association for Computing Machinery},
  address = {New York, NY, USA},
  url = {https://doi.org/10.1145/3293882.3330576},
  doi = {10.1145/3293882.3330576},
  booktitle = {Proceedings of the 28th ACM SIGSOFT International Symposium on Software Testing and Analysis},
  pages = {329â€“340},
  numpages = {12},
  keywords = {property-based testing, random testing, Structure-aware fuzzing},
  location = {Beijing, China},
  series = {ISSTA 2019}
}
