% Misc papers in formalisms or tooling for HDLs (debug, analysis, etc.)

@inproceedings{hwsemantics,
  author = {Bernstein, Gilbert et. al.},
  title = {What are the Semantics of Hardware?},
  year = {2021},
  booktitle = {LATTE '21},
  url = {https://capra.cs.cornell.edu/latte21/paper/19.pdf}
}
