% Multi-level simulation
% LiveSim

@inproceedings{hassani2016livesim,
  title={LiveSim: Going live with microarchitecture simulation},
  author={Hassani, Sina and Southern, Gabriel and Renau, Jose},
  booktitle={2016 IEEE International Symposium on High Performance Computer Architecture (HPCA)},
  pages={606--617},
  year={2016},
  organization={IEEE}
}