%% Scala / Programming

@book{fpinscala,
  title={Functional programming in Scala},
  author={Chiusano, Paul and Bjarnason, Runar},
  year={2014},
  publisher={Simon and Schuster}
}

@misc{sourcecode,
  author = {Haoyi, Li},
  title = {sourcecode - Scala library providing "source" metadata to your program},
  howpublished = {\url{https://github.com/com-lihaoyi/sourcecode}}
}

@article{dotty_cps_async,
  title={Embedding generic monadic transformer into Scala},
  author={Shevchenko, Ruslan},
  journal={arXiv preprint arXiv:2209.10941},
  year={2022}
}

@techreport{koka,
  title={Algebraic effects for functional programming},
  author={Leijen, Daan},
  year={2016},
  institution={Technical Report. MSR-TR-2016-29. Microsoft Research technical report}
}

@misc{unison,
  author = {Paul Chiusano},
  title = {A friendly programming language from the future},
  howpublished = {\url{https://github.com/unisonweb/unison}}
}
