% Our lab's projects

@misc{simcommand,
  author = {Iyer, Vighnesh},
  title = {simcommand - SimCommand is a library for writing multi-threaded high-performance RTL testbenches in Scala.},
  howpublished = {\url{https://github.com/vighneshiyer/simcommand}}
}

@misc{randomapi,
  author = {Agarwal, Rohit},
  title = {randomapi - A Functional, Random Generative API for QuickCheck-like Fuzzing},
  howpublished = {\url{https://github.com/girantinas/randomapi}}
}

@misc{chiselsequences,
  author = {Laeufer, Kevin},
  title = {chisel-sequences},
  howpublished = {\url{https://github.com/ekiwi/chisel-sequences}}
}

@misc{chisel_recipes,
  author = {Ngo, Bryan},
  title = {chisel-recipes},
  howpublished = {\url{https://github.com/bdngo/chisel-recipes}}
}
