% Temporal properties / specification languages / automata

@book{sva_book,
  title={A practical guide for SystemVerilog assertions},
  author={Vijayaraghavan, Srikanth and Ramanathan, Meyyappan},
  year={2005},
  publisher={Springer Science \& Business Media}
}

@book{psl_book,
  title={Using PSL/Sugar for formal and dynamic verification: Guide to Property Specification Language for Assertion-based Verification},
  author={Cohen, Ben and Venkataramanan, Srinivasan and Kumari, Ajeetha},
  year={2004},
  publisher={VhdlCohen Publishing}
}

@InProceedings{spot2,
  author="Duret-Lutz, Alexandre and Lewkowicz, Alexandre and Fauchille, Amaury and Michaud, Thibaud and Renault, {\'E}tienne and Xu, Laurent",
  editor="Artho, Cyrille and Legay, Axel and Peled, Doron",
  title="Spot 2.0 --- A Framework for LTL and {\$}{\$}{\backslash}omega {\$}{\$}-Automata Manipulation",
  booktitle="Automated Technology for Verification and Analysis",
  year="2016",
  publisher="Springer International Publishing",
  address="Cham",
  pages="122--129",
  isbn="978-3-319-46520-3"
}

@inproceedings{cha,
  title={CHA: Supporting SVA-like assertions in formal verification of Chisel programs (tool paper)},
  author={Yu, Shizhen and Dong, Yifan and Liu, Jiuyang and Li, Yong and Wu, Zhilin and Jansen, David N and Zhang, Lijun},
  booktitle={Software Engineering and Formal Methods: 20th International Conference, SEFM 2022, Berlin, Germany, September 26--30, 2022, Proceedings},
  pages={324--331},
  year={2022},
  organization={Springer}
}
