% Stimulus generation (for software and hardware)

@inproceedings{quickcheck,
  author = {Claessen, Koen and Hughes, John},
  title = {QuickCheck: A Lightweight Tool for Random Testing of Haskell Programs},
  year = {2000},
  isbn = {1581132026},
  publisher = {Association for Computing Machinery},
  address = {New York, NY, USA},
  url = {https://doi.org/10.1145/351240.351266},
  doi = {10.1145/351240.351266},
  booktitle = {Proceedings of the Fifth ACM SIGPLAN International Conference on Functional Programming},
  pages = {268â€“279},
  numpages = {12},
  series = {ICFP '00}
}

@misc{riscv_dv,
  author = {Google},
  title = {riscv-dv - Random instruction generator for RISC-V processor verification},
  howpublished = {\url{https://github.com/chipsalliance/riscv-dv}}
}
