% Fast functional warmup (caches). Branch pred? Prefetchers? TLB?

% MTR
@inproceedings{barr2005accelerating,
  title={Accelerating multiprocessor simulation with a memory timestamp record},
  author={Barr, Kenneth C and Pan, Heidi and Zhang, Michael and Asanovic, Krste},
  booktitle={IEEE International Symposium on Performance Analysis of Systems and Software, 2005. ISPASS 2005.},
  pages={66--77},
  year={2005},
  organization={IEEE}
}

%MLRL
@inproceedings{haskins2003memory,
  title={Memory reference reuse latency: Accelerated warmup for sampled microarchitecture simulation},
  author={Haskins, John W and Skadron, Kevin},
  booktitle={2003 IEEE International Symposium on Performance Analysis of Systems and Software. ISPASS 2003.},
  pages={195--203},
  year={2003},
  organization={IEEE}
}

%BLRL
@article{eeckhout2005blrl,
  title={BLRL: Accurate and efficient warmup for sampled processor simulation},
  author={Eeckhout, Lieven and Luo, Yue and De Bosschere, Koen and John, Lizy K},
  journal={The Computer Journal},
  volume={48},
  number={4},
  pages={451--459},
  year={2005},
  publisher={Oxford University Press}
}

%Branch History Matching
@inproceedings{kluyskens2007branch,
  title={Branch history matching: Branch predictor warmup for sampled simulation},
  author={Kluyskens, Simon and Eeckhout, Lieven},
  booktitle={International Conference on High-Performance Embedded Architectures and Compilers},
  pages={153--167},
  year={2007},
  organization={Springer}
}

%Branch Trace Compression
@inproceedings{barr2006branch,
  title={Branch trace compression for snapshot-based simulation},
  author={Barr, Kenneth C and Asanovic, Krste},
  booktitle={2006 IEEE International Symposium on Performance Analysis of Systems and Software},
  pages={25--36},
  year={2006},
  organization={IEEE}
}