% References, split into sections

%% Our Github Projects

@misc{simcommand,
  title = {simcommand: SimCommand is a library for writing multi-threaded high-performance RTL testbenches in Scala.},
  howpublished = {\url{https://github.com/vighneshiyer/simcommand}}
}

@misc{randomapi,
  title = {randomapi: A Functional, Random Generative API for QuickCheck-like Fuzzing},
  howpublished = {\url{https://github.com/girantinas/randomapi}}
}

@misc{chisel_sequences,
  title = {chisel-sequences},
  howpublished = {\url{https://github.com/ekiwi/chisel-sequences}}
}

@misc{chisel_recipes,
  title = {chisel-recipes},
  howpublished = {\url{https://github.com/bdngo/chisel-recipes}}
}

%% Stimulus generation

@inproceedings{quickcheck,
author = {Claessen, Koen and Hughes, John},
title = {QuickCheck: A Lightweight Tool for Random Testing of Haskell Programs},
year = {2000},
isbn = {1581132026},
publisher = {Association for Computing Machinery},
address = {New York, NY, USA},
url = {https://doi.org/10.1145/351240.351266},
doi = {10.1145/351240.351266},
booktitle = {Proceedings of the Fifth ACM SIGPLAN International Conference on Functional Programming},
pages = {268–279},
numpages = {12},
series = {ICFP '00}
}

@misc{riscv_dv,
  title = {riscv-dv: Random instruction generator for RISC-V processor verification},
  howpublished = {\url{https://github.com/chipsalliance/riscv-dv}}
}

%% Testbench APIs

@misc{chiseltest,
  title = {chiseltest: The official testing library for Chisel circuits.},
  howpublished = {\url{https://github.com/ucb-bar/chiseltest}}
}

@inproceedings{cocotb,
  title={Cocotb: a Python-based digital logic verification framework},
  author={Rosser, Benjamin John},
  booktitle={Micro-electronics Section seminar},
  year={2018},
  organization={CERN, Geneva, Switzerland}
}

@misc{hardcaml_step_testbench,
  title = {hardcaml_step_testbench: Hardcaml Testbench Monad},
  howpublished = {\url{https://github.com/janestreet/hardcaml_step_testbench}}
}

%% Fuzzing

@inproceedings{zest,
author = {Padhye, Rohan and Lemieux, Caroline and Sen, Koushik and Papadakis, Mike and Le Traon, Yves},
title = {Semantic Fuzzing with Zest},
year = {2019},
isbn = {9781450362245},
publisher = {Association for Computing Machinery},
address = {New York, NY, USA},
url = {https://doi.org/10.1145/3293882.3330576},
doi = {10.1145/3293882.3330576},
booktitle = {Proceedings of the 28th ACM SIGSOFT International Symposium on Software Testing and Analysis},
pages = {329–340},
numpages = {12},
keywords = {property-based testing, random testing, Structure-aware fuzzing},
location = {Beijing, China},
series = {ISSTA 2019}
}

%% HDLs

@book{fpinscala,
  title={Functional programming in Scala},
  author={Chiusano, Paul and Bjarnason, Runar},
  year={2014},
  publisher={Simon and Schuster}
}

@inproceedings{lava,
  author = {Bjesse, Per and Claessen, Koen and Sheeran, Mary and Singh, Satnam},
  title = {Lava: Hardware Design in Haskell},
  year = {1998},
  isbn = {1581130244},
  publisher = {Association for Computing Machinery},
  address = {New York, NY, USA},
  url = {https://doi.org/10.1145/289423.289440},
  doi = {10.1145/289423.289440},
  booktitle = {Proceedings of the Third ACM SIGPLAN International Conference on Functional Programming},
  pages = {174–184},
  numpages = {11},
  location = {Baltimore, Maryland, USA},
  series = {ICFP '98}
}

@inproceedings{chisel,
  author = {Bachrach, Jonathan and Vo, Huy and Richards, Brian and Lee, Yunsup and Waterman, Andrew and Avi\v{z}ienis, Rimas and Wawrzynek, John and Asanovi\'{c}, Krste},
  title = {Chisel: Constructing Hardware in a Scala Embedded Language},
  year = {2012},
  isbn = {9781450311991},
  publisher = {Association for Computing Machinery},
  address = {New York, NY, USA},
  url = {https://doi.org/10.1145/2228360.2228584},
  doi = {10.1145/2228360.2228584},
  booktitle = {Proceedings of the 49th Annual Design Automation Conference},
  pages = {1216–1225},
  numpages = {10},
  keywords = {CAD},
  location = {San Francisco, California},
  series = {DAC '12}
}

@ARTICLE{pymtl3,
  author={Jiang, Shunning and Pan, Peitian and Ou, Yanghui and Batten, Christopher},
  journal={IEEE Micro},
  title={PyMTL3: A Python Framework for Open-Source Hardware Modeling, Generation, Simulation, and Verification},
  year={2020},
  volume={40},
  number={4},
  pages={58-66},
  doi={10.1109/MM.2020.2997638}
}

@misc{blarney,
  title = {blarney: Haskell library for hardware description},
  howpublished = {\url{https://github.com/blarney-lang/blarney}}
}
